%Neighbor Joining Citations
@article{thompson1994clustal,
  title={CLUSTAL W: improving the sensitivity of progressive multiple sequence alignment through sequence weighting, position-specific gap penalties and weight matrix choice},
  author={Thompson, Julie D and Higgins, Desmond G and Gibson, Toby J},
  journal={Nucleic acids research},
  volume={22},
  number={22},
  pages={4673--4680},
  year={1994},
  publisher={Oxford Univ Press}
}
@article{edgar2006multiple,
  title={Multiple sequence alignment},
  author={Edgar, Robert C and Batzoglou, Serafim},
  journal={Current opinion in structural biology},
  volume={16},
  number={3},
  pages={368--373},
  year={2006},
  publisher={Elsevier}
}
@article{notredame2000t,
  title={T-Coffee: A novel method for fast and accurate multiple sequence alignment},
  author={Notredame, C{\'e}dric and Higgins, Desmond G and Heringa, Jaap},
  journal={Journal of molecular biology},
  volume={302},
  number={1},
  pages={205--217},
  year={2000},
  publisher={Elsevier}
}
@article{tamura2004prospects,
  title={Prospects for inferring very large phylogenies by using the neighbor-joining method},
  author={Tamura, Koichiro and Nei, Masatoshi and Kumar, Sudhir},
  journal={Proceedings of the National Academy of Sciences of the United States of America},
  volume={101},
  number={30},
  pages={11030--11035},
  year={2004},
  publisher={National Acad Sciences}
}
@article{farris1996parsimony,
  title={Parsimony jackknifing outperforms neighbor-joining},
  author={Farris, James S and Albert, Victor A and K{\"a}llersj{\"o}, Mari and Lipscomb, Diana and Kluge, Arnold G},
  journal={Cladistics},
  volume={12},
  number={2},
  pages={99--124},
  year={1996},
  publisher={Wiley Online Library}
}
@article{brinkman2001phylogenetic,
  title={Phylogenetic analysis},
  author={Brinkman, Fiona SL and Leipe, Detlef D},
  journal={Bioinformatics: a practical guide to the analysis of genes and proteins},
  pages={323--358},
  year={2001},
  publisher={Wiley-Interscience. Nueva York}
}

@article{mihaescu2009neighbor,
  title={Why neighbor-joining works},
  author={Mihaescu, Radu and Levy, Dan and Pachter, Lior},
  journal={Algorithmica},
  volume={54},
  number={1},
  pages={1--24},
  year={2009},
  publisher={Springer}
}

@article{saitou1987neighbor,
  title={The neighbor-joining method: a new method for reconstructing phylogenetic trees.},
  author={Saitou, Naruya and Nei, Masatoshi},
  journal={Molecular biology and evolution},
  volume={4},
  number={4},
  pages={406--425},
  year={1987},
  publisher={SMBE}
}

@article{atteson1999performance,
  title={The performance of neighbor-joining methods of phylogenetic reconstruction},
  author={Atteson, Kevin},
  journal={Algorithmica},
  volume={25},
  number={2-3},
  pages={251--278},
  year={1999},
  publisher={Springer}
}

% Maximum Parsimony Citations
@article{fitch1971toward,
  title={Toward defining the course of evolution: minimum change for a specific tree topology},
  author={Fitch, Walter M},
  journal={Systematic Biology},
  volume={20},
  number={4},
  pages={406--416},
  year={1971},
  publisher={Oxford University Press}
}

@article{felsenstein1978cases,
  title={Cases in which parsimony or compatibility methods will be positively misleading},
  author={Felsenstein, Joseph},
  journal={Systematic Biology},
  volume={27},
  number={4},
  pages={401--410},
  year={1978},
  publisher={Oxford University Press}
}


% Quartet distance
@article{estabrook1985comparison,
  title={Comparison of undirected phylogenetic trees based on subtrees of four evolutionary units},
  author={Estabrook, George F and McMorris, FR and Meacham, Christopher A},
  journal={Systematic Biology},
  volume=34,
  number=2,
  pages={193--200},
  year=1985,
  publisher={Oxford University Press}
}

@article{brodal2004computing,
  title={Computing the quartet distance between evolutionary trees in time O (n log n)},
  author={Brodal, Gerth St{\o}lting and Fagerberg, Rolf and Pedersen, Christian NS},
  journal={Algorithmica},
  volume={38},
  number={2},
  pages={377--395},
  year={2004},
  publisher={Springer}
}

@book{christiansen2005computing,
  title={Computing the quartet distance between trees of arbitrary degree},
  author={Christiansen, Chris and Mailund, Thomas and Pedersen, Christian NS and Randers, Martin},
  year={2005},
  publisher={Springer}
}

@article{puigbo2010tree,
  title={The tree and net components of prokaryote evolution},
  author={Puigb{\`o}, Pere and Wolf, Yuri I and Koonin, Eugene V},
  journal={Genome biology and evolution},
  volume={2},
  pages={745},
  year={2010},
  publisher={Oxford University Press}
}

@article{williams1971comparison,
  title={On the comparison of two classifications of the same set of elements},
  author={Williams, WT and Clifford, HT},
  journal={Taxon},
  pages={519--522},
  year={1971},
  publisher={JSTOR}
}

@article{steel1993distributions,
  title={Distributions of tree comparison metricsâ€”some new results},
  author={Steel, Mike A and Penny, David},
  journal={Systematic Biology},
  volume={42},
  number={2},
  pages={126--141},
  year={1993},
  publisher={Oxford University Press}
}

@article{floyd1962algorithm,
  title={Algorithm 97: shortest path},
  author={Floyd, Robert W},
  journal={Communications of the ACM},
  volume={5},
  number={6},
  pages={345},
  year={1962},
  publisher={ACM}
}

@article{yang1997bayesian,
  title={Bayesian phylogenetic inference using DNA sequences: a Markov chain Monte Carlo method.},
  author={Yang, Ziheng and Rannala, Bruce},
  journal={Molecular biology and evolution},
  volume={14},
  number={7},
  pages={717--724},
  year={1997},
  publisher={SMBE}
}

@article{mau1999bayesian,
  title={Bayesian phylogenetic inference via Markov chain Monte Carlo methods},
  author={Mau, Bob and Newton, Michael A and Larget, Bret},
  journal={Biometrics},
  volume={55},
  number={1},
  pages={1--12},
  year={1999},
  publisher={Wiley Online Library}
}

@article{larget1999markov,
  title={Markov chain Monte Carlo algorithms for the Bayesian analysis of phylogenetic trees},
  author={Larget, Bret and Simon, Donald L},
  journal={Molecular Biology and Evolution},
  volume={16},
  pages={750--759},
  year={1999},
  publisher={UNIVERSITY OF CHICAGO PRESS}
}

@article{felsenstein1983statistical,
  title={Statistical inference of phylogenies},
  author={Felsenstein, Joseph},
  journal={Journal of the Royal Statistical Society, Series A},
  volume={146},
  pages={246--272},
  year={1983}
}