%Introduction Citations
@article{schmidt2002tree,
  title={TREE-PUZZLE: maximum likelihood phylogenetic analysis using quartets and parallel computing},
  author={Schmidt, Heiko A and Strimmer, Korbinian and Vingron, Martin and von Haeseler, Arndt},
  journal={Bioinformatics},
  volume={18},
  number={3},
  pages={502--504},
  year={2002},
  publisher={Oxford Univ Press}
}
@article{chenna2003multiple,
  title={Multiple sequence alignment with the Clustal series of programs},
  author={Chenna, Ramu and Sugawara, Hideaki and Koike, Tadashi and Lopez, Rodrigo and Gibson, Toby J and Higgins, Desmond G and Thompson, Julie D},
  journal={Nucleic acids research},
  volume={31},
  number={13},
  pages={3497--3500},
  year={2003},
  publisher={Oxford Univ Press}
}
@article{hasegawa1993relative,
  title={Relative efficiencies of the maximum likelihood, maximum parsimony, and neighbor-joining methods for estimating protein phylogeny},
  author={Hasegawa, Masami and Fujiwara, Miyako},
  journal={Molecular phylogenetics and evolution},
  volume={2},
  number={1},
  pages={1--5},
  year={1993},
  publisher={Elsevier}
}
@article{sourdis1988relative,
  title={Relative efficiencies of the maximum parsimony and distance-matrix methods in obtaining the correct phylogenetic tree.},
  author={Sourdis, John and Nei, Masatoshi},
  journal={Molecular biology and evolution},
  volume={5},
  number={3},
  pages={298--311},
  year={1988},
  publisher={SMBE}
}
@article{saitou1989relative,
  title={Relative efficiencies of the Fitch-Margoliash, maximum-parsimony, maximum-likelihood, minimum-evolution, and neighbor-joining methods of phylogenetic tree construction in obtaining the correct tree},
  author={Saitou, Naruya and Imanishi, Tadashi},
  journal={Mol. Biol. Evol},
  volume={6},
  number={5},
  pages={514--525},
  year={1989}
}
@article{tateno1994relative,
  title={Relative efficiencies of the maximum-likelihood, neighbor-joining, and maximum-parsimony methods when substitution rate varies with site.},
  author={Tateno, Y and Takezaki, N and Nei, M},
  journal={Molecular Biology and Evolution},
  volume={11},
  number={2},
  pages={261--277},
  year={1994},
  publisher={SMBE}
}
@article{dopazo1997phylogenetic,
  title={Phylogenetic reconstruction using an unsupervised growing neural network that adopts the topology of a phylogenetic tree},
  author={Dopazo, Joaqu{\'\i}n and Carazo, Jos{\'e} Mar{\'\i}a},
  journal={Journal of Molecular Evolution},
  volume={44},
  number={2},
  pages={226--233},
  year={1997},
  publisher={Springer}
}
@article{Baum-Phylotree,
  title={Reading a phlogenetic tree: The meaning of monophletic groups},
  author={Baum, David},
  journal={Nature Edcation},
  volume={1},
  year={2008}
}
@article{Pillai-HIV,
  title={Semen-specific genetic characteristics of Humans Immunodeficiency Virus Type 1 env},
  author={Pillai, S.K. and Good, B. and Pond, S.K. and Wong J.K. and Strain, M.C. and Richman, D.D. and Smith D.M},
  journal={Journal of Virology},
  volume={79},
  pages={1734--1742},
  year={2005}
}
@article{li2005bats,
  title={Bats are natural reservoirs of SARS-like coronaviruses},
  author={Li, Wendong and Shi, Zhengli and Yu, Meng and Ren, Wuze and Smith, Craig and Epstein, Jonathan H and Wang, Hanzhong and Crameri, Gary and Hu, Zhihong and Zhang, Huajun and others},
  journal={Science},
  volume={310},
  number={5748},
  pages={676--679},
  year={2005},
  publisher={American Association for the Advancement of Science}
}

@INCOLLECTION{burrpredict,
author={Tom Burr}, 
editor={Mahmood A. Mahdavi},
title={Predicting Virus Evolution},
booktitle={Bioinformatics - Trends and Methodologies},
year={2011},
publisher={InTech}
}

@article{cotten2013full,
  title={Full-genome deep sequencing and phylogenetic analysis of novel human betacoronavirus},
  author={Cotten, Matthew and Lam, Tommy T and Watson, Simon J and Palser, Anne L and Petrova, Velislava and Grant, Paul and Pybus, Oliver G and Rambaut, Andrew and Guan, Yi and Pillay, Deenan and others},
  journal={Emerging infectious diseases},
  volume={19},
  number={5},
  pages={736},
  year={2013},
  publisher={Centers for Disease Control and Prevention}
}
@article{heywood1964phenetic,
  title={Phenetic and phylogenetic classification},
  author={HEYWOOD, Vernon Hilton and McNEILL, John},
  journal={Nature},
  volume={203},
  number={4951},
  pages={1220--1224},
  year={1964},
  publisher={Nature Publishing Group}
}
@inproceedings{salter2000algorithms,
  title={Algorithms for phylogenetic tree reconstruction},
  author={Salter, L},
  booktitle={Proceeding of the International Conference on Mathematics and Engineering Techniques in Medicine and Biological Sciences},
  volume={2},
  pages={459--465},
  year={2000},
  organization={Citeseer}
}
@article{edgar2004muscle,
  title={MUSCLE: multiple sequence alignment with high accuracy and high throughput},
  author={Edgar, Robert C},
  journal={Nucleic acids research},
  volume={32},
  number={5},
  pages={1792--1797},
  year={2004},
  publisher={Oxford Univ Press}
}
@article{edgar2004comparison,
  title={A comparison of scoring functions for protein sequence profile alignment},
  author={Edgar, Robert C and Sj{\"o}lander, Kimmen},
  journal={Bioinformatics},
  volume={20},
  number={8},
  pages={1301--1308},
  year={2004},
  publisher={Oxford Univ Press}
}
@article{gusfield1993efficient,
  title={Efficient methods for multiple sequence alignment with guaranteed error bounds},
  author={Gusfield, Dan},
  journal={Bulletin of mathematical biology},
  volume={55},
  number={1},
  pages={141--154},
  year={1993},
  publisher={Elsevier}
}

%Neighbor Joining Citations
@article{thompson1994clustal,
  title={CLUSTAL W: improving the sensitivity of progressive multiple sequence alignment through sequence weighting, position-specific gap penalties and weight matrix choice},
  author={Thompson, Julie D and Higgins, Desmond G and Gibson, Toby J},
  journal={Nucleic acids research},
  volume={22},
  number={22},
  pages={4673--4680},
  year={1994},
  publisher={Oxford Univ Press}
}
@article{edgar2006multiple,
  title={Multiple sequence alignment},
  author={Edgar, Robert C and Batzoglou, Serafim},
  journal={Current opinion in structural biology},
  volume={16},
  number={3},
  pages={368--373},
  year={2006},
  publisher={Elsevier}
}
@article{notredame2000t,
  title={T-Coffee: A novel method for fast and accurate multiple sequence alignment},
  author={Notredame, C{\'e}dric and Higgins, Desmond G and Heringa, Jaap},
  journal={Journal of molecular biology},
  volume={302},
  number={1},
  pages={205--217},
  year={2000},
  publisher={Elsevier}
}
@article{tamura2004prospects,
  title={Prospects for inferring very large phylogenies by using the neighbor-joining method},
  author={Tamura, Koichiro and Nei, Masatoshi and Kumar, Sudhir},
  journal={Proceedings of the National Academy of Sciences of the United States of America},
  volume={101},
  number={30},
  pages={11030--11035},
  year={2004},
  publisher={National Acad Sciences}
}
@article{farris1996parsimony,
  title={Parsimony jackknifing outperforms neighbor-joining},
  author={Farris, James S and Albert, Victor A and K{\"a}llersj{\"o}, Mari and Lipscomb, Diana and Kluge, Arnold G},
  journal={Cladistics},
  volume={12},
  number={2},
  pages={99--124},
  year={1996},
  publisher={Wiley Online Library}
}
@article{brinkman2001phylogenetic,
  title={Phylogenetic analysis},
  author={Brinkman, Fiona SL and Leipe, Detlef D},
  journal={Bioinformatics: a practical guide to the analysis of genes and proteins},
  pages={323--358},
  year={2001},
  publisher={Wiley-Interscience. Nueva York}
}

@article{mihaescu2009neighbor,
  title={Why neighbor-joining works},
  author={Mihaescu, Radu and Levy, Dan and Pachter, Lior},
  journal={Algorithmica},
  volume={54},
  number={1},
  pages={1--24},
  year={2009},
  publisher={Springer}
}

@article{saitou1987neighbor,
  title={The neighbor-joining method: a new method for reconstructing phylogenetic trees.},
  author={Saitou, Naruya and Nei, Masatoshi},
  journal={Molecular biology and evolution},
  volume={4},
  number={4},
  pages={406--425},
  year={1987},
  publisher={SMBE}
}

@article{atteson1999performance,
  title={The performance of neighbor-joining methods of phylogenetic reconstruction},
  author={Atteson, Kevin},
  journal={Algorithmica},
  volume={25},
  number={2-3},
  pages={251--278},
  year={1999},
  publisher={Springer}
}

@article{waterman1978similarity,
  title={On the similarity of dendrograms},
  author={Waterman, Michael S and Smith, Temple F},
  journal={Journal of Theoretical Biology},
  volume={73},
  number={4},
  pages={789--800},
  year={1978},
  publisher={Elsevier}
}

@article{desper2002fast,
  title={Fast and accurate phylogeny reconstruction algorithms based on the minimum-evolution principle},
  author={Desper, Richard and Gascuel, Olivier},
  journal={Journal of computational biology},
  volume={9},
  number={5},
  pages={687--705},
  year={2002},
  publisher={Mary Ann Liebert, Inc.}
}

% Maximum Parsimony Citations
@article{fitch1971toward,
  title={Toward defining the course of evolution: minimum change for a specific tree topology},
  author={Fitch, Walter M},
  journal={Systematic Biology},
  volume={20},
  number={4},
  pages={406--416},
  year={1971},
  publisher={Oxford University Press}
}

@article{fitch1967construction,
  title={Construction of phylogenetic trees},
  author={Fitch, Walter M and Margoliash, Emanuel and others},
  journal={Science},
  volume={155},
  number={760},
  pages={279--284},
  year={1967}
}

@article{felsenstein1978cases,
  title={Cases in which parsimony or compatibility methods will be positively misleading},
  author={Felsenstein, Joseph},
  journal={Systematic Biology},
  volume={27},
  number={4},
  pages={401--410},
  year={1978},
  publisher={Oxford University Press}
}

% Maximum likelihood citation
@article{felsenstein1981evolutionary,
  title={Evolutionary trees from DNA sequences: a maximum likelihood approach},
  author={Felsenstein, Joseph},
  journal={Journal of molecular evolution},
  volume={17},
  number={6},
  pages={368--376},
  year={1981},
  publisher={Springer}
}

@article{evansphylogenetic,
  title={Phylogenetic analyses of alignments with gaps},
  author={Evans, Steve and Warnow, Tandy}
}

@article{yang2009bayesian,
  title={Bayesian inference of cetacean phylogeny based on mitochondrial genomes},
  author={Yang, Xiao-Guang},
  journal={Biologia},
  volume={64},
  number={4},
  pages={811--818},
  year={2009},
  publisher={Springer}
}

@article{peng2007complete,
  title={The complete mitochondrial genome and phylogenetic analysis of the giant panda (< i> Ailuropoda melanoleuca</i>)},
  author={Peng, Rui and Zeng, Bo and Meng, Xiuxiang and Yue, Bisong and Zhang, Zhihe and Zou, Fangdong},
  journal={Gene},
  volume={397},
  number={1},
  pages={76--83},
  year={2007},
  publisher={Elsevier}
}

% Comparisons
@article{kuhner1994simulation,
  title={A simulation comparison of phylogeny algorithms under equal and unequal evolutionary rates.},
  author={Kuhner, Mary K and Felsenstein, Joseph},
  journal={Molecular Biology and Evolution},
  volume={11},
  number={3},
  pages={459--468},
  year={1994},
  publisher={SMBE}
}

% Quartet distance
@article{estabrook1985comparison,
  title={Comparison of undirected phylogenetic trees based on subtrees of four evolutionary units},
  author={Estabrook, George F and McMorris, FR and Meacham, Christopher A},
  journal={Systematic Biology},
  volume=34,
  number=2,
  pages={193--200},
  year=1985,
  publisher={Oxford University Press}
}

@article{brodal2004computing,
  title={Computing the quartet distance between evolutionary trees in time O (n log n)},
  author={Brodal, Gerth St{\o}lting and Fagerberg, Rolf and Pedersen, Christian NS},
  journal={Algorithmica},
  volume={38},
  number={2},
  pages={377--395},
  year={2004},
  publisher={Springer}
}

@book{christiansen2005computing,
  title={Computing the quartet distance between trees of arbitrary degree},
  author={Christiansen, Chris and Mailund, Thomas and Pedersen, Christian NS and Randers, Martin},
  year={2005},
  publisher={Springer}
}

@article{puigbo2010tree,
  title={The tree and net components of prokaryote evolution},
  author={Puigb{\`o}, Pere and Wolf, Yuri I and Koonin, Eugene V},
  journal={Genome biology and evolution},
  volume={2},
  pages={745},
  year={2010},
  publisher={Oxford University Press}
}

@article{williams1971comparison,
  title={On the comparison of two classifications of the same set of elements},
  author={Williams, WT and Clifford, HT},
  journal={Taxon},
  pages={519--522},
  year={1971},
  publisher={JSTOR}
}

@article{steel1993distributions,
  title={Distributions of tree comparison metrics—some new results},
  author={Steel, Mike A and Penny, David},
  journal={Systematic Biology},
  volume={42},
  number={2},
  pages={126--141},
  year={1993},
  publisher={Oxford University Press}
}

@article{floyd1962algorithm,
  title={Algorithm 97: shortest path},
  author={Floyd, Robert W},
  journal={Communications of the ACM},
  volume={5},
  number={6},
  pages={345},
  year={1962},
  publisher={ACM}
}

@article{yang1997bayesian,
  title={Bayesian phylogenetic inference using DNA sequences: a Markov chain Monte Carlo method.},
  author={Yang, Ziheng and Rannala, Bruce},
  journal={Molecular biology and evolution},
  volume={14},
  number={7},
  pages={717--724},
  year={1997},
  publisher={SMBE}
}

@article{mau1999bayesian,
  title={Bayesian phylogenetic inference via Markov chain Monte Carlo methods},
  author={Mau, Bob and Newton, Michael A and Larget, Bret},
  journal={Biometrics},
  volume={55},
  number={1},
  pages={1--12},
  year={1999},
  publisher={Wiley Online Library}
}

@article{larget1999markov,
  title={Markov chain Monte Carlo algorithms for the Bayesian analysis of phylogenetic trees},
  author={Larget, Bret and Simon, Donald L},
  journal={Molecular Biology and Evolution},
  volume={16},
  pages={750--759},
  year={1999},
  publisher={UNIVERSITY OF CHICAGO PRESS}
}

@article{qian2003monte,
  title={On monte carlo methods for Bayesian inference},
  author={Qian, Song S and Stow, Craig A and Borsuk, Mark E},
  journal={Ecological Modelling},
  volume={159},
  number={2},
  pages={269--277},
  year={2003},
  publisher={Elsevier}
}

@article{felsenstein1983statistical,
  title={Statistical inference of phylogenies},
  author={Felsenstein, Joseph},
  journal={Journal of the Royal Statistical Society, Series A},
  volume={146},
  pages={246--272},
  year={1983}
}

% Real data analysis
@article{perelman2011molecular,
  title={A molecular phylogeny of living primates},
  author={Perelman, Polina and Johnson, Warren E and Roos, Christian and Seu{\'a}nez, Hector N and Horvath, Julie E and Moreira, Miguel AM and Kessing, Bailey and Pontius, Joan and Roelke, Melody and Rumpler, Yves and others},
  journal={PLoS genetics},
  volume=7,
  number=3,
  pages={e1001342},
  year=2011,
  publisher={Public Library of Science}
}

@article{oxidase2009electron,
  title={Electron transport and oxidative phosphorylation},
  author={Oxidase, XI Cytochrome and Lipoproteins, XIII},
  journal={Advances in Enzymology and Related Areas of Molecular Biology},
  volume={21},
  pages={73},
  year={2009},
  publisher={John Wiley \& Sons}
}

